<record xmlns="http://www.loc.gov/MARC21/slim" xmlns:xsi="http://www.w3.org/2001/XMLSchema-instance" xsi:schemaLocation="http://www.loc.gov/MARC21/slim http://www.loc.gov/standards/marcxml/schema/MARC21slim.xsd"><leader>02650nam a2200433   4500</leader><controlfield tag="001">002082374</controlfield><controlfield tag="003">NNU</controlfield><controlfield tag="006">m        d        </controlfield><controlfield tag="007">cr cn |||m|||a</controlfield><controlfield tag="008">150110s1954    ir      ob    000 0 ara d</controlfield><datafield ind1=" " ind2=" " tag="040"><subfield code="a">NNU</subfield><subfield code="b">eng</subfield><subfield code="e">rda</subfield><subfield code="c">NNU</subfield></datafield><datafield ind1=" " ind2="4" tag="050"><subfield code="a">B751.Q33</subfield><subfield code="b">J39 1954</subfield></datafield><datafield ind1="1" ind2=" " tag="100"><subfield code="6">880-01</subfield><subfield code="a">Jaza&#772;&#700;iri&#772;, Ni&#699;mat Alla&#772;h ibn &#699;Abd Alla&#772;h,</subfield><subfield code="d">1640 or 1641-1701.</subfield></datafield><datafield ind1="1" ind2="0" tag="245"><subfield code="6">880-02</subfield><subfield code="a">Sharh&#803; &#699;Ayni&#772;yat Ibn Si&#772;na&#772; /</subfield><subfield code="c">li-Ni&#699;mat Alla&#772;h al-Jaza&#772;&#700;iri&#772; al-Shu&#772;stari&#772; al-Mu&#772;sawi&#772; al-H&#803;usayni&#772;. Wa-Qas&#803;i&#772;dah fi&#772; al-radd &#699;ala&#769; Ibn Si&#772;na&#772; / li-&#699;Abd &#699;Ali&#772; al-H&#803;uwayzi&#772; ; &#699;uniya bi-nashrihuma&#772; wa-tah&#803;qi&#772;qihuma&#772; ... H&#803;usayn &#699;Ali&#772; Mah&#803;fu&#772;z&#803;.</subfield></datafield><datafield ind1=" " ind2=" " tag="260"><subfield code="6">880-03</subfield><subfield code="a">T&#803;ihra&#772;n :</subfield><subfield code="b">Mat&#803;ba&#699;at al-H&#803;aydari&#772;,</subfield><subfield code="c">1954.</subfield></datafield><datafield ind1=" " ind2=" " tag="300"><subfield code="a">online resource (26 pages)</subfield></datafield><datafield ind1=" " ind2=" " tag="336"><subfield code="a">text</subfield><subfield code="2">rdacontent</subfield></datafield><datafield ind1=" " ind2=" " tag="337"><subfield code="a">computer</subfield><subfield code="2">rdamedia</subfield></datafield><datafield ind1=" " ind2=" " tag="338"><subfield code="a">online resource</subfield><subfield code="2">rdacarrier</subfield></datafield><datafield ind1=" " ind2=" " tag="500"><subfield code="a">Titles on added t.p.: A commentary on al-Qas&#803;i&#772;da al-&#699;Ai&#772;niya of Ibn Sina. A refutation of Ibn Sina.</subfield></datafield><datafield ind1=" " ind2=" " tag="500"><subfield code="a">Part of the Arabic Collections Online (ACO) project, contributed by New York Univeristy Libraries.</subfield></datafield><datafield ind1=" " ind2=" " tag="504"><subfield code="a">Includes bibliographical references.</subfield></datafield><datafield ind1=" " ind2=" " tag="533"><subfield code="a">Electronic reproduction.</subfield><subfield code="b">New York, N.Y. :</subfield><subfield code="c">New York University,</subfield><subfield code="d">2015.</subfield><subfield code="5">NNU</subfield></datafield><datafield ind1="0" ind2="0" tag="600"><subfield code="a">Avicenna,</subfield><subfield code="d">980-1037.</subfield><subfield code="t">Qas&#803;i&#772;dah al-&#699;ayni&#772;yah.</subfield></datafield><datafield ind1="1" ind2=" " tag="700"><subfield code="6">880-04</subfield><subfield code="a">Mah&#803;fu&#772;z&#803;, H&#803;usayn &#699;Ali&#772;.</subfield></datafield><datafield ind1="1" ind2=" " tag="700"><subfield code="6">880-05</subfield><subfield code="a">H&#803;uwayzi&#772;, &#699;Abd &#699;Ali&#772; ibn Jum&#699;ah,</subfield><subfield code="d">active 17th century.</subfield><subfield code="t">Qas&#803;i&#772;dah fi&#772; al-radd &#699;ala&#769; Ibn Si&#772;na&#772;.</subfield></datafield><datafield ind1="2" ind2=" " tag="710"><subfield code="a">New York University.</subfield><subfield code="b">Libraries.</subfield></datafield><datafield ind1="0" ind2=" " tag="730"><subfield code="a">Arabic Collections Online.</subfield></datafield><datafield ind1="0" ind2=" " tag="740"><subfield code="a">Commentary on al-Qas&#803;i&#772;da al-&#699;ai&#772;niya of Ibn Sina.</subfield></datafield><datafield ind1="0" ind2=" " tag="740"><subfield code="a">Refutation of Ibn Sina.</subfield></datafield><datafield ind1="0" ind2="8" tag="776"><subfield code="i">Print version:</subfield><subfield code="a">Jaza&#772;&#700;iri&#772;, Ni&#699;mat Alla&#772;h ibn &#699;Abd Alla&#772;h, 1640 or 1641-1701.</subfield><subfield code="t">Sharh&#803; &#699;Ayni&#772;yat Ibn Si&#772;na&#772;</subfield><subfield code="w">(NNU)002082374</subfield></datafield><datafield ind1="4" ind2="0" tag="856"><subfield code="u">http://hdl.handle.net/2333.1/g79cnr07</subfield></datafield><datafield ind1="0" ind2=" " tag="880"><subfield code="6">100-01/</subfield><subfield code="a">&#1606;&#1593;&#1605;&#1577; &#1575;&#1604;&#1604;&#1607; &#1575;&#1604;&#1580;&#1586;&#1575;&#1574;&#1585;&#1610;.</subfield></datafield><datafield ind1="1" ind2="0" tag="880"><subfield code="6">245-02/</subfield><subfield code="a">&#1588;&#1585;&#1581; &#1593;&#1610;&#1606;&#1610;&#1577; &#1575;&#1576;&#1606; &#1587;&#1610;&#1606;&#1575; /</subfield><subfield code="c">&#1604;&#1606;&#1593;&#1605;&#1577; &#1575;&#1604;&#1604;&#1607; &#1575;&#1604;&#1580;&#1586;&#1575;&#1574;&#1585;&#1610; &#1575;&#1604;&#1588;&#1608;&#1587;&#1578;&#1585;&#1610; &#1575;&#1604;&#1605;&#1608;&#1587;&#1608;&#1610; &#1575;&#1604;&#1581;&#1587;&#1610;&#1606;&#1609;. &#1608;&#1602;&#1589;&#1610;&#1583;&#1577; &#1601;&#1609; &#1575;&#1604;&#1585;&#1583; &#1593;&#1604;&#1609; &#1575;&#1576;&#1606; &#1587;&#1610;&#1606;&#1575; / &#1604;&#1593;&#1576;&#1583; &#1593;&#1604;&#1609; &#1575;&#1604;&#1581;&#1608;&#1610;&#1586;&#1610; &#1563; &#1593;&#1606;&#1609; &#1576;&#1606;&#1588;&#1585;&#1607;&#1605;&#1575; &#1608;&#1578;&#1581;&#1602;&#1610;&#1602;&#1607;&#1605;&#1575; ... &#1581;&#1587;&#1610;&#1606; &#1593;&#1604;&#1609; &#1605;&#1581;&#1601;&#1608;&#1592;.</subfield></datafield><datafield ind1=" " ind2=" " tag="880"><subfield code="6">260-03/</subfield><subfield code="a">&#1591;&#1607;&#1585;&#1575;&#1606; :</subfield><subfield code="b">&#1605;&#1591;&#1576;&#1593;&#1577; &#1575;&#1604;&#1581;&#1610;&#1583;&#1585;&#1609;&#1548;</subfield><subfield code="c">&#1633;&#1641;&#1637;&#1636;.</subfield></datafield><datafield ind1="1" ind2=" " tag="880"><subfield code="6">700-04/</subfield><subfield code="a">&#1605;&#1581;&#1601;&#1608;&#1592;&#1548; &#1581;&#1587;&#1610;&#1606; &#1593;&#1604;&#1610;.</subfield></datafield><datafield ind1="1" ind2=" " tag="880"><subfield code="6">700-05/</subfield><subfield code="a">&#1581;&#1608;&#1610;&#1586;&#1610;&#1548; &#1593;&#1576;&#1583; &#1593;&#1604;&#1610; &#1576;&#1606; &#1580;&#1605;&#1593;&#1577;&#1548;</subfield><subfield code="d">active 17th century.</subfield><subfield code="t">&#1602;&#1589;&#1610;&#1583;&#1577; &#1601;&#1610; &#1575;&#1604;&#1585;&#1583; &#1593;&#1604;&#1609; &#1575;&#1576;&#1606; &#1587;&#1610;&#1606;&#1575;.</subfield></datafield><datafield ind1=" " ind2=" " tag="959"><subfield code="a">NNU</subfield><subfield code="b">WEB</subfield><subfield code="c">GENI</subfield><subfield code="t">0</subfield><subfield code="m">Electronic access</subfield><subfield code="s">01</subfield></datafield><datafield ind1=" " ind2=" " tag="999"><subfield code="i">NNU_002082374</subfield><subfield code="o" /></datafield></record>